@article{delves1967numerical,
  title={A numerical method for locating the zeros of an analytic function},
  author={Delves, LM and Lyness, JN},
  journal={Mathematics of computation},
  volume={21},
  number={100},
  pages={543--560},
  year={1967},
  publisher={JSTOR},
  url={https://dl.dropboxusercontent.com/s/ypy59nd38kodh0p/analytic%20zeroes.pdf?dl=0}
}

@misc{ wiki:argument-principle,
  author = "Wikipedia",
  title = "Argument principle --- Wikipedia{,} The Free Encyclopedia",
  year = "2015",
  url = "https://en.wikipedia.org/w/index.php?title=Argument_principle&oldid=684012307",
  note = "[Online; accessed 23-May-2016]"
}
 
 @misc{ wiki:cubic,
  author = "Wikipedia",
  title = "Cubic function --- Wikipedia{,} The Free Encyclopedia",
  year = "2016",
  url = "https://en.wikipedia.org/w/index.php?title=Cubic_function&oldid=720271529",
  note = "[Online; accessed 24-May-2016]"
}
 
@misc{rpolyplusplus,
  author = "sweeneychris",
  title = "RPolyPlusPlus",
  url = "https://github.com/sweeneychris/RpolyPlusPlus"  
}